%YAML 1.1
%TAG !u! tag:unity3d.com,2011:
--- !u!1001 &100100000
Prefab:
  m_ObjectHideFlags: 1
  serializedVersion: 2
  m_Modification:
    m_TransformParent: {fileID: 0}
    m_Modifications: []
    m_RemovedComponents: []
  m_ParentPrefab: {fileID: 0}
  m_RootGameObject: {fileID: 1862494503866240}
  m_IsPrefabParent: 1
--- !u!1 &1110732107281086
GameObject:
  m_ObjectHideFlags: 0
  m_PrefabParentObject: {fileID: 0}
  m_PrefabInternal: {fileID: 100100000}
  serializedVersion: 5
  m_Component:
  - component: {fileID: 4266501655531244}
  - component: {fileID: 212562307852120848}
  - component: {fileID: 60482768358335424}
  m_Layer: 0
  m_Name: PRF_Blocker_Island3
  m_TagString: Obstacle
  m_Icon: {fileID: 0}
  m_NavMeshLayer: 0
  m_StaticEditorFlags: 0
  m_IsActive: 1
--- !u!1 &1153564807667712
GameObject:
  m_ObjectHideFlags: 0
  m_PrefabParentObject: {fileID: 0}
  m_PrefabInternal: {fileID: 100100000}
  serializedVersion: 5
  m_Component:
  - component: {fileID: 4411677232181620}
  - component: {fileID: 212041499479648540}
  - component: {fileID: 60663605080521464}
  m_Layer: 0
  m_Name: PRF_Blocker_Floater3
  m_TagString: Obstacle
  m_Icon: {fileID: 0}
  m_NavMeshLayer: 0
  m_StaticEditorFlags: 0
  m_IsActive: 1
--- !u!1 &1410767677450424
GameObject:
  m_ObjectHideFlags: 0
  m_PrefabParentObject: {fileID: 0}
  m_PrefabInternal: {fileID: 100100000}
  serializedVersion: 5
  m_Component:
  - component: {fileID: 4870582958580186}
  - component: {fileID: 212477662961023944}
  - component: {fileID: 60696635175770928}
  m_Layer: 0
  m_Name: PRF_Blocker_Trash3
  m_TagString: Obstacle
  m_Icon: {fileID: 0}
  m_NavMeshLayer: 0
  m_StaticEditorFlags: 0
  m_IsActive: 1
--- !u!1 &1729369189846390
GameObject:
  m_ObjectHideFlags: 0
  m_PrefabParentObject: {fileID: 0}
  m_PrefabInternal: {fileID: 100100000}
  serializedVersion: 5
  m_Component:
  - component: {fileID: 4969848711445678}
  - component: {fileID: 212241434107341562}
  - component: {fileID: 60532391012045846}
  m_Layer: 0
  m_Name: PRF_Blocker_Boat3
  m_TagString: Obstacle
  m_Icon: {fileID: 0}
  m_NavMeshLayer: 0
  m_StaticEditorFlags: 0
  m_IsActive: 1
--- !u!1 &1854751459722728
GameObject:
  m_ObjectHideFlags: 0
  m_PrefabParentObject: {fileID: 0}
  m_PrefabInternal: {fileID: 100100000}
  serializedVersion: 5
  m_Component:
  - component: {fileID: 4690143423142996}
  - component: {fileID: 212214856460159514}
  - component: {fileID: 60541148240433734}
  m_Layer: 0
  m_Name: PRF_Blocker_Rock3
  m_TagString: Obstacle
  m_Icon: {fileID: 0}
  m_NavMeshLayer: 0
  m_StaticEditorFlags: 0
  m_IsActive: 1
--- !u!1 &1862494503866240
GameObject:
  m_ObjectHideFlags: 0
  m_PrefabParentObject: {fileID: 0}
  m_PrefabInternal: {fileID: 100100000}
  serializedVersion: 5
  m_Component:
  - component: {fileID: 4061150925501836}
  m_Layer: 0
  m_Name: PRF_BlockerSet3
  m_TagString: Untagged
  m_Icon: {fileID: 0}
  m_NavMeshLayer: 0
  m_StaticEditorFlags: 0
  m_IsActive: 1
--- !u!4 &4061150925501836
Transform:
  m_ObjectHideFlags: 1
  m_PrefabParentObject: {fileID: 0}
  m_PrefabInternal: {fileID: 100100000}
  m_GameObject: {fileID: 1862494503866240}
  m_LocalRotation: {x: 0, y: 0, z: 0, w: 1}
  m_LocalPosition: {x: 0, y: 0, z: 0}
  m_LocalScale: {x: 1, y: 1, z: 1}
  m_Children:
  - {fileID: 4969848711445678}
  - {fileID: 4411677232181620}
  - {fileID: 4266501655531244}
  - {fileID: 4690143423142996}
  - {fileID: 4870582958580186}
  m_Father: {fileID: 0}
  m_RootOrder: 0
  m_LocalEulerAnglesHint: {x: 0, y: 0, z: 0}
--- !u!4 &4266501655531244
Transform:
  m_ObjectHideFlags: 1
  m_PrefabParentObject: {fileID: 0}
  m_PrefabInternal: {fileID: 100100000}
  m_GameObject: {fileID: 1110732107281086}
  m_LocalRotation: {x: -0, y: -0, z: -0, w: 1}
  m_LocalPosition: {x: 0, y: 0, z: 0}
  m_LocalScale: {x: 1, y: 1, z: 1}
  m_Children: []
  m_Father: {fileID: 4061150925501836}
  m_RootOrder: 2
  m_LocalEulerAnglesHint: {x: 0, y: 0, z: 0}
--- !u!4 &4411677232181620
Transform:
  m_ObjectHideFlags: 1
  m_PrefabParentObject: {fileID: 0}
  m_PrefabInternal: {fileID: 100100000}
  m_GameObject: {fileID: 1153564807667712}
  m_LocalRotation: {x: -0, y: -0, z: -0, w: 1}
  m_LocalPosition: {x: 0, y: 0, z: 0}
  m_LocalScale: {x: 1, y: 1, z: 1}
  m_Children: []
  m_Father: {fileID: 4061150925501836}
  m_RootOrder: 1
  m_LocalEulerAnglesHint: {x: 0, y: 0, z: 0}
--- !u!4 &4690143423142996
Transform:
  m_ObjectHideFlags: 1
  m_PrefabParentObject: {fileID: 0}
  m_PrefabInternal: {fileID: 100100000}
  m_GameObject: {fileID: 1854751459722728}
  m_LocalRotation: {x: -0, y: -0, z: -0, w: 1}
  m_LocalPosition: {x: 0, y: 0, z: 0}
  m_LocalScale: {x: 1, y: 1, z: 1}
  m_Children: []
  m_Father: {fileID: 4061150925501836}
  m_RootOrder: 3
  m_LocalEulerAnglesHint: {x: 0, y: 0, z: 0}
--- !u!4 &4870582958580186
Transform:
  m_ObjectHideFlags: 1
  m_PrefabParentObject: {fileID: 0}
  m_PrefabInternal: {fileID: 100100000}
  m_GameObject: {fileID: 1410767677450424}
  m_LocalRotation: {x: -0, y: -0, z: -0, w: 1}
  m_LocalPosition: {x: 0, y: 0, z: 0}
  m_LocalScale: {x: 1, y: 1, z: 1}
  m_Children: []
  m_Father: {fileID: 4061150925501836}
  m_RootOrder: 4
  m_LocalEulerAnglesHint: {x: 0, y: 0, z: 0}
--- !u!4 &4969848711445678
Transform:
  m_ObjectHideFlags: 1
  m_PrefabParentObject: {fileID: 0}
  m_PrefabInternal: {fileID: 100100000}
  m_GameObject: {fileID: 1729369189846390}
  m_LocalRotation: {x: -0, y: -0, z: -0, w: 1}
  m_LocalPosition: {x: 0, y: 0, z: 0}
  m_LocalScale: {x: 1, y: 1, z: 1}
  m_Children: []
  m_Father: {fileID: 4061150925501836}
  m_RootOrder: 0
  m_LocalEulerAnglesHint: {x: 0, y: 0, z: 0}
--- !u!60 &60482768358335424
PolygonCollider2D:
  m_ObjectHideFlags: 1
  m_PrefabParentObject: {fileID: 0}
  m_PrefabInternal: {fileID: 100100000}
  m_GameObject: {fileID: 1110732107281086}
  m_Enabled: 1
  m_Density: 1
  m_Material: {fileID: 0}
  m_IsTrigger: 0
  m_UsedByEffector: 0
  m_UsedByComposite: 0
  m_Offset: {x: 0, y: 0}
  m_SpriteTilingProperty:
    border: {x: 0, y: 0, z: 0, w: 0}
    pivot: {x: 0.5, y: 0.5}
    oldSize: {x: 2.56, y: 2.56}
    newSize: {x: 1.05, y: 1.04}
    adaptiveTilingThreshold: 0.5
    drawMode: 0
    adaptiveTiling: 0
  m_AutoTiling: 0
  m_Points:
    m_Paths:
    - - {x: 0.03, y: -0.45999998}
      - {x: 0.03, y: -0.65999997}
      - {x: 0.08, y: -0.66999996}
      - {x: 0.35, y: -0.66999996}
      - {x: 0.35999998, y: -0.63}
      - {x: 0.35999998, y: -0.48999998}
      - {x: 0.32999998, y: -0.45999998}
    - - {x: 0.51, y: -0.42}
      - {x: 0.58, y: -0.38}
      - {x: 0.71, y: -0.16}
      - {x: 0.71, y: 0.089999996}
      - {x: 0.69, y: 0.17999999}
      - {x: 0.64, y: 0.32999998}
      - {x: 0.48999998, y: 0.52}
      - {x: 0.41, y: 0.58}
      - {x: 0.17, y: 0.68}
      - {x: -0.07, y: 0.68}
      - {x: -0.12, y: 0.65}
      - {x: -0.21, y: 0.61}
      - {x: -0.32999998, y: 0.47}
      - {x: -0.42, y: 0.25}
      - {x: -0.65, y: 0.01}
      - {x: -0.71, y: -0.099999994}
      - {x: -0.71, y: -0.29999998}
      - {x: -0.7, y: -0.38}
      - {x: -0.48999998, y: -0.52}
      - {x: -0.24, y: -0.52}
      - {x: -0.099999994, y: -0.48999998}
      - {x: 0.089999996, y: -0.45}
      - {x: 0.42, y: -0.44}
--- !u!60 &60532391012045846
PolygonCollider2D:
  m_ObjectHideFlags: 1
  m_PrefabParentObject: {fileID: 0}
  m_PrefabInternal: {fileID: 100100000}
  m_GameObject: {fileID: 1729369189846390}
  m_Enabled: 1
  m_Density: 1
  m_Material: {fileID: 0}
  m_IsTrigger: 0
  m_UsedByEffector: 0
  m_UsedByComposite: 0
  m_Offset: {x: 0, y: 0}
  m_SpriteTilingProperty:
    border: {x: 0, y: 0, z: 0, w: 0}
    pivot: {x: 0.5, y: 0.5}
    oldSize: {x: 2.56, y: 2.56}
    newSize: {x: 1.05, y: 1.04}
    adaptiveTilingThreshold: 0.5
    drawMode: 0
    adaptiveTiling: 0
  m_AutoTiling: 0
  m_Points:
    m_Paths:
    - - {x: 0.13, y: -0.28}
      - {x: 0.11, y: -0.12}
      - {x: -0.02, y: 0.03}
      - {x: -0.07, y: 0.03}
      - {x: -0.65999997, y: -0.22999999}
      - {x: -0.71, y: -0.26}
      - {x: -0.71, y: -0.31}
      - {x: -0.65999997, y: -0.42}
      - {x: -0.48999998, y: -0.56}
      - {x: -0.29999998, y: -0.62}
      - {x: -0.07, y: -0.62}
      - {x: 0.02, y: -0.61}
      - {x: 0.22999999, y: -0.48999998}
      - {x: 0.22999999, y: -0.42}
      - {x: 0.19999999, y: -0.35999998}
    - - {x: 0.69, y: 0.45}
      - {x: 0.55, y: 0.63}
      - {x: 0.48999998, y: 0.63}
      - {x: 0.07, y: 0.16}
      - {x: 0.06, y: 0.13}
      - {x: 0.06, y: 0.11}
      - {x: 0.14999999, y: -0.01}
      - {x: 0.13, y: -0.17}
      - {x: 0.28, y: -0.37}
      - {x: 0.35999998, y: -0.37}
      - {x: 0.58, y: -0.19}
      - {x: 0.7, y: 0.06}
      - {x: 0.7, y: 0.35999998}
--- !u!60 &60541148240433734
PolygonCollider2D:
  m_ObjectHideFlags: 1
  m_PrefabParentObject: {fileID: 0}
  m_PrefabInternal: {fileID: 100100000}
  m_GameObject: {fileID: 1854751459722728}
  m_Enabled: 1
  m_Density: 1
  m_Material: {fileID: 0}
  m_IsTrigger: 0
  m_UsedByEffector: 0
  m_UsedByComposite: 0
  m_Offset: {x: 0, y: 0}
  m_SpriteTilingProperty:
    border: {x: 0, y: 0, z: 0, w: 0}
    pivot: {x: 0.5, y: 0.5}
    oldSize: {x: 2.56, y: 2.56}
    newSize: {x: 1.05, y: 1.04}
    adaptiveTilingThreshold: 0.5
    drawMode: 0
    adaptiveTiling: 0
  m_AutoTiling: 0
  m_Points:
    m_Paths:
    - - {x: 0.63, y: -0.31}
      - {x: 0.63, y: -0.22}
      - {x: 0.61, y: -0.14999999}
      - {x: 0.52, y: 0.089999996}
      - {x: 0.39, y: 0.31}
      - {x: 0.13, y: 0.55}
      - {x: 0.04, y: 0.58}
      - {x: -0.08, y: 0.58}
      - {x: -0.14999999, y: 0.56}
      - {x: -0.26, y: 0.5}
      - {x: -0.38, y: 0.39}
      - {x: -0.52, y: 0.14999999}
      - {x: -0.62, y: -0.089999996}
      - {x: -0.64, y: -0.22}
      - {x: -0.64, y: -0.35999998}
      - {x: -0.57, y: -0.55}
      - {x: -0.55, y: -0.58}
      - {x: -0.44, y: -0.61}
      - {x: -0.02, y: -0.61}
      - {x: 0.14, y: -0.59999996}
      - {x: 0.22999999, y: -0.58}
      - {x: 0.51, y: -0.45999998}
      - {x: 0.62, y: -0.35999998}
--- !u!60 &60663605080521464
PolygonCollider2D:
  m_ObjectHideFlags: 1
  m_PrefabParentObject: {fileID: 0}
  m_PrefabInternal: {fileID: 100100000}
  m_GameObject: {fileID: 1153564807667712}
  m_Enabled: 1
  m_Density: 1
  m_Material: {fileID: 0}
  m_IsTrigger: 0
  m_UsedByEffector: 0
  m_UsedByComposite: 0
  m_Offset: {x: 0, y: 0}
  m_SpriteTilingProperty:
    border: {x: 0, y: 0, z: 0, w: 0}
    pivot: {x: 0.5, y: 0.5}
    oldSize: {x: 2.56, y: 2.56}
    newSize: {x: 1.05, y: 1.04}
    adaptiveTilingThreshold: 0.5
    drawMode: 0
    adaptiveTiling: 0
  m_AutoTiling: 0
  m_Points:
    m_Paths:
    - - {x: 0.63, y: -0.12}
      - {x: 0.63, y: 0.14}
      - {x: 0.55, y: 0.39}
      - {x: 0.51, y: 0.45999998}
      - {x: 0.37, y: 0.58}
      - {x: 0.13, y: 0.64}
      - {x: -0.14, y: 0.64}
      - {x: -0.39999998, y: 0.57}
      - {x: -0.55, y: 0.44}
      - {x: -0.59, y: 0.35}
      - {x: -0.64, y: 0.12}
      - {x: -0.64, y: -0.089999996}
      - {x: -0.63, y: -0.14999999}
      - {x: -0.57, y: -0.38}
      - {x: -0.42999998, y: -0.55}
      - {x: -0.35, y: -0.59}
      - {x: -0.17999999, y: -0.63}
      - {x: 0.14999999, y: -0.63}
      - {x: 0.38, y: -0.57}
      - {x: 0.55, y: -0.42999998}
      - {x: 0.59, y: -0.28}
    - - {x: -0.34, y: -0.51}
      - {x: -0.39999998, y: -0.47}
      - {x: -0.45999998, y: -0.41}
      - {x: -0.51, y: -0.34}
      - {x: -0.51, y: -0.35999998}
      - {x: -0.35999998, y: -0.5}
      - {x: -0.32999998, y: -0.53}
      - {x: -0.29999998, y: -0.53}
      - {x: -0.32, y: -0.51}
    - - {x: 0.35, y: -0.5}
      - {x: 0.48999998, y: -0.35999998}
      - {x: 0.51, y: -0.32}
      - {x: 0.47, y: -0.38}
      - {x: 0.39999998, y: -0.45999998}
      - {x: 0.39, y: -0.45999998}
      - {x: 0.35, y: -0.48}
      - {x: 0.29999998, y: -0.51}
      - {x: 0.32, y: -0.52}
    - - {x: -0.25, y: 0.08}
      - {x: -0.19999999, y: 0.19}
      - {x: -0.07, y: 0.26999998}
      - {x: 0.12, y: 0.26}
      - {x: 0.24, y: 0.14}
      - {x: 0.22, y: -0.16}
      - {x: 0.08, y: -0.24}
      - {x: -0.13, y: -0.24}
    - - {x: -0.48999998, y: 0.38}
      - {x: -0.47, y: 0.41}
      - {x: -0.41, y: 0.47}
      - {x: -0.35999998, y: 0.5}
      - {x: -0.32999998, y: 0.52}
      - {x: -0.37, y: 0.51}
      - {x: -0.5, y: 0.37}
      - {x: -0.53, y: 0.34}
      - {x: -0.53, y: 0.31}
      - {x: -0.52, y: 0.31}
    - - {x: 0.34, y: 0.53}
      - {x: 0.29999998, y: 0.53}
      - {x: 0.39, y: 0.47}
      - {x: 0.39999998, y: 0.47}
      - {x: 0.44, y: 0.42}
      - {x: 0.48, y: 0.35999998}
      - {x: 0.51, y: 0.35999998}
--- !u!60 &60696635175770928
PolygonCollider2D:
  m_ObjectHideFlags: 1
  m_PrefabParentObject: {fileID: 0}
  m_PrefabInternal: {fileID: 100100000}
  m_GameObject: {fileID: 1410767677450424}
  m_Enabled: 1
  m_Density: 1
  m_Material: {fileID: 0}
  m_IsTrigger: 0
  m_UsedByEffector: 0
  m_UsedByComposite: 0
  m_Offset: {x: 0, y: 0}
  m_SpriteTilingProperty:
    border: {x: 0, y: 0, z: 0, w: 0}
    pivot: {x: 0.5, y: 0.5}
    oldSize: {x: 2.56, y: 2.56}
    newSize: {x: 1.05, y: 1.04}
    adaptiveTilingThreshold: 0.5
    drawMode: 0
    adaptiveTiling: 0
  m_AutoTiling: 0
  m_Points:
    m_Paths:
    - - {x: 0.069130786, y: 0.69847417}
      - {x: -0.09070487, y: 0.50305825}
      - {x: -0.26171517, y: 0.47405672}
      - {x: -0.37429333, y: 0.59134185}
      - {x: -0.49947113, y: 0.57159626}
      - {x: -0.5899151, y: 0.44887513}
      - {x: -0.7057756, y: 0.17585316}
      - {x: -0.64707285, y: 0.00009095296}
      - {x: -0.5614823, y: -0.12015024}
      - {x: -0.6419422, y: -0.29509497}
      - {x: -0.5997539, y: -0.4846069}
      - {x: -0.4742716, y: -0.59580076}
      - {x: -0.1264068, y: -0.67563134}
      - {x: 0.14181563, y: -0.65655565}
      - {x: 0.39718437, y: -0.65616286}
      - {x: 0.5988365, y: -0.5097767}
      - {x: 0.68722373, y: -0.2001294}
      - {x: 0.62659883, y: 0.018106505}
      - {x: 0.7047912, y: 0.27156347}
      - {x: 0.6515848, y: 0.34312224}
      - {x: 0.45047387, y: 0.5709025}
--- !u!212 &212041499479648540
SpriteRenderer:
  m_ObjectHideFlags: 1
  m_PrefabParentObject: {fileID: 0}
  m_PrefabInternal: {fileID: 100100000}
  m_GameObject: {fileID: 1153564807667712}
  m_Enabled: 1
  m_CastShadows: 0
  m_ReceiveShadows: 0
  m_DynamicOccludee: 1
  m_MotionVectors: 1
  m_LightProbeUsage: 1
  m_ReflectionProbeUsage: 1
  m_Materials:
  - {fileID: 10754, guid: 0000000000000000f000000000000000, type: 0}
  m_StaticBatchInfo:
    firstSubMesh: 0
    subMeshCount: 0
  m_StaticBatchRoot: {fileID: 0}
  m_ProbeAnchor: {fileID: 0}
  m_LightProbeVolumeOverride: {fileID: 0}
  m_ScaleInLightmap: 1
  m_PreserveUVs: 0
  m_IgnoreNormalsForChartDetection: 0
  m_ImportantGI: 0
  m_StitchLightmapSeams: 0
  m_SelectedEditorRenderState: 0
  m_MinimumChartSize: 4
  m_AutoUVMaxDistance: 0.5
  m_AutoUVMaxAngle: 89
  m_LightmapParameters: {fileID: 0}
  m_SortingLayerID: 1359397127
  m_SortingLayer: 3
  m_SortingOrder: 0
  m_Sprite: {fileID: 21300000, guid: df1a9d490610f3847854176143f10ed8, type: 3}
  m_Color: {r: 1, g: 1, b: 1, a: 1}
  m_FlipX: 0
  m_FlipY: 0
  m_DrawMode: 0
  m_Size: {x: 1.05, y: 1.04}
  m_AdaptiveModeThreshold: 0.5
  m_SpriteTileMode: 0
  m_WasSpriteAssigned: 1
  m_MaskInteraction: 0
--- !u!212 &212214856460159514
SpriteRenderer:
  m_ObjectHideFlags: 1
  m_PrefabParentObject: {fileID: 0}
  m_PrefabInternal: {fileID: 100100000}
  m_GameObject: {fileID: 1854751459722728}
  m_Enabled: 1
  m_CastShadows: 0
  m_ReceiveShadows: 0
  m_DynamicOccludee: 1
  m_MotionVectors: 1
  m_LightProbeUsage: 1
  m_ReflectionProbeUsage: 1
  m_Materials:
  - {fileID: 10754, guid: 0000000000000000f000000000000000, type: 0}
  m_StaticBatchInfo:
    firstSubMesh: 0
    subMeshCount: 0
  m_StaticBatchRoot: {fileID: 0}
  m_ProbeAnchor: {fileID: 0}
  m_LightProbeVolumeOverride: {fileID: 0}
  m_ScaleInLightmap: 1
  m_PreserveUVs: 0
  m_IgnoreNormalsForChartDetection: 0
  m_ImportantGI: 0
  m_StitchLightmapSeams: 0
  m_SelectedEditorRenderState: 0
  m_MinimumChartSize: 4
  m_AutoUVMaxDistance: 0.5
  m_AutoUVMaxAngle: 89
  m_LightmapParameters: {fileID: 0}
  m_SortingLayerID: 1359397127
  m_SortingLayer: 3
  m_SortingOrder: 0
  m_Sprite: {fileID: 21300000, guid: f6e4d4e53e88af84ea384b77a586b6cc, type: 3}
  m_Color: {r: 1, g: 1, b: 1, a: 1}
  m_FlipX: 0
  m_FlipY: 0
  m_DrawMode: 0
  m_Size: {x: 1.05, y: 1.04}
  m_AdaptiveModeThreshold: 0.5
  m_SpriteTileMode: 0
  m_WasSpriteAssigned: 1
  m_MaskInteraction: 0
--- !u!212 &212241434107341562
SpriteRenderer:
  m_ObjectHideFlags: 1
  m_PrefabParentObject: {fileID: 0}
  m_PrefabInternal: {fileID: 100100000}
  m_GameObject: {fileID: 1729369189846390}
  m_Enabled: 1
  m_CastShadows: 0
  m_ReceiveShadows: 0
  m_DynamicOccludee: 1
  m_MotionVectors: 1
  m_LightProbeUsage: 1
  m_ReflectionProbeUsage: 1
  m_Materials:
  - {fileID: 10754, guid: 0000000000000000f000000000000000, type: 0}
  m_StaticBatchInfo:
    firstSubMesh: 0
    subMeshCount: 0
  m_StaticBatchRoot: {fileID: 0}
  m_ProbeAnchor: {fileID: 0}
  m_LightProbeVolumeOverride: {fileID: 0}
  m_ScaleInLightmap: 1
  m_PreserveUVs: 0
  m_IgnoreNormalsForChartDetection: 0
  m_ImportantGI: 0
  m_StitchLightmapSeams: 0
  m_SelectedEditorRenderState: 0
  m_MinimumChartSize: 4
  m_AutoUVMaxDistance: 0.5
  m_AutoUVMaxAngle: 89
  m_LightmapParameters: {fileID: 0}
  m_SortingLayerID: 1359397127
  m_SortingLayer: 3
  m_SortingOrder: 0
  m_Sprite: {fileID: 21300000, guid: ebe91fcf8ffc95a4f91ab96a08311887, type: 3}
  m_Color: {r: 1, g: 1, b: 1, a: 1}
  m_FlipX: 0
  m_FlipY: 0
  m_DrawMode: 0
  m_Size: {x: 1.05, y: 1.04}
  m_AdaptiveModeThreshold: 0.5
  m_SpriteTileMode: 0
  m_WasSpriteAssigned: 1
  m_MaskInteraction: 0
--- !u!212 &212477662961023944
SpriteRenderer:
  m_ObjectHideFlags: 1
  m_PrefabParentObject: {fileID: 0}
  m_PrefabInternal: {fileID: 100100000}
  m_GameObject: {fileID: 1410767677450424}
  m_Enabled: 1
  m_CastShadows: 0
  m_ReceiveShadows: 0
  m_DynamicOccludee: 1
  m_MotionVectors: 1
  m_LightProbeUsage: 1
  m_ReflectionProbeUsage: 1
  m_Materials:
  - {fileID: 10754, guid: 0000000000000000f000000000000000, type: 0}
  m_StaticBatchInfo:
    firstSubMesh: 0
    subMeshCount: 0
  m_StaticBatchRoot: {fileID: 0}
  m_ProbeAnchor: {fileID: 0}
  m_LightProbeVolumeOverride: {fileID: 0}
  m_ScaleInLightmap: 1
  m_PreserveUVs: 0
  m_IgnoreNormalsForChartDetection: 0
  m_ImportantGI: 0
  m_StitchLightmapSeams: 0
  m_SelectedEditorRenderState: 0
  m_MinimumChartSize: 4
  m_AutoUVMaxDistance: 0.5
  m_AutoUVMaxAngle: 89
  m_LightmapParameters: {fileID: 0}
  m_SortingLayerID: 1359397127
  m_SortingLayer: 3
  m_SortingOrder: 0
  m_Sprite: {fileID: 21300000, guid: 91c1084c72632744bbba2c76fd14b279, type: 3}
  m_Color: {r: 1, g: 1, b: 1, a: 1}
  m_FlipX: 0
  m_FlipY: 0
  m_DrawMode: 0
  m_Size: {x: 1.05, y: 1.04}
  m_AdaptiveModeThreshold: 0.5
  m_SpriteTileMode: 0
  m_WasSpriteAssigned: 1
  m_MaskInteraction: 0
--- !u!212 &212562307852120848
SpriteRenderer:
  m_ObjectHideFlags: 1
  m_PrefabParentObject: {fileID: 0}
  m_PrefabInternal: {fileID: 100100000}
  m_GameObject: {fileID: 1110732107281086}
  m_Enabled: 1
  m_CastShadows: 0
  m_ReceiveShadows: 0
  m_DynamicOccludee: 1
  m_MotionVectors: 1
  m_LightProbeUsage: 1
  m_ReflectionProbeUsage: 1
  m_Materials:
  - {fileID: 10754, guid: 0000000000000000f000000000000000, type: 0}
  m_StaticBatchInfo:
    firstSubMesh: 0
    subMeshCount: 0
  m_StaticBatchRoot: {fileID: 0}
  m_ProbeAnchor: {fileID: 0}
  m_LightProbeVolumeOverride: {fileID: 0}
  m_ScaleInLightmap: 1
  m_PreserveUVs: 0
  m_IgnoreNormalsForChartDetection: 0
  m_ImportantGI: 0
  m_StitchLightmapSeams: 0
  m_SelectedEditorRenderState: 0
  m_MinimumChartSize: 4
  m_AutoUVMaxDistance: 0.5
  m_AutoUVMaxAngle: 89
  m_LightmapParameters: {fileID: 0}
  m_SortingLayerID: 1359397127
  m_SortingLayer: 3
  m_SortingOrder: 0
  m_Sprite: {fileID: 21300000, guid: 47c088f660f4f744db0f07589cdf458d, type: 3}
  m_Color: {r: 1, g: 1, b: 1, a: 1}
  m_FlipX: 0
  m_FlipY: 0
  m_DrawMode: 0
  m_Size: {x: 1.05, y: 1.04}
  m_AdaptiveModeThreshold: 0.5
  m_SpriteTileMode: 0
  m_WasSpriteAssigned: 1
  m_MaskInteraction: 0
